<record><leader>00000cas a2200000 a 4500</leader><controlfield tag="001">27096917</controlfield><controlfield tag="008">921210c19929999nyuwn ne      0   a0eng c</controlfield><datafield ind1=" " ind2=" " tag="010"><subfield code="a">sn 92006967 </subfield></datafield><datafield ind1=" " ind2=" " tag="040"><subfield code="a">NSD</subfield><subfield code="b">eng</subfield><subfield code="c">NSD</subfield><subfield code="d">NYS</subfield><subfield code="d">OCLCQ</subfield><subfield code="d">OCLCF</subfield><subfield code="d">OCLCO</subfield></datafield><datafield ind1=" " ind2=" " tag="012"><subfield code="m">0</subfield></datafield><datafield ind1="1" ind2=" " tag="022"><subfield code="a">1066-9590</subfield><subfield code="l">1066-9590</subfield><subfield code="2">1</subfield></datafield><datafield ind1="1" ind2=" " tag="029"><subfield code="a">AU@</subfield><subfield code="b">000020727158</subfield></datafield><datafield ind1=" " ind2=" " tag="037"><subfield code="b">The Pelham Weekly, 306 5th Ave., Pelham, NY 10803-1204</subfield></datafield><datafield ind1=" " ind2=" " tag="042"><subfield code="a">nsdp</subfield><subfield code="a">pcc</subfield></datafield><datafield ind1=" " ind2=" " tag="043"><subfield code="a">n-us-ny</subfield></datafield><datafield ind1=" " ind2="4" tag="222"><subfield code="a">The Pelham weekly</subfield></datafield><datafield ind1="0" ind2="4" tag="245"><subfield code="a">The Pelham weekly.</subfield></datafield><datafield ind1=" " ind2=" " tag="260"><subfield code="a">Pelham, NY :</subfield><subfield code="b">The Pelham Weekly,</subfield><subfield code="c">1992-</subfield></datafield><datafield ind1=" " ind2=" " tag="300"><subfield code="a">v. :</subfield><subfield code="b">ill. ;</subfield><subfield code="c">39 cm.</subfield></datafield><datafield ind1=" " ind2=" " tag="310"><subfield code="a">Weekly (except holiday weeks in July &amp; Dec.)</subfield></datafield><datafield ind1="0" ind2=" " tag="362"><subfield code="a">Vol. 1, no. 1 (June 12, 1992)-</subfield></datafield><datafield ind1=" " ind2=" " tag="500"><subfield code="a">Introductory issue: Vol. 1, no. 0 (May 15, 1992).</subfield></datafield><datafield ind1=" " ind2=" " tag="525"><subfield code="a">Quarterly supplements: Literature, Sports, Home Improvement, Graduation.</subfield></datafield><datafield ind1=" " ind2=" " tag="530"><subfield code="a">Available on microfilm (1992-1996) from Pelham Town Historian, Pelham House, Pelham, N.Y.</subfield></datafield><datafield ind1=" " ind2="0" tag="651"><subfield code="a">Pelham (N.Y.)</subfield><subfield code="v">Newspapers.</subfield></datafield><datafield ind1=" " ind2="0" tag="651"><subfield code="a">Pelham (N.Y. : Town)</subfield><subfield code="v">Newspapers.</subfield></datafield><datafield ind1=" " ind2="0" tag="651"><subfield code="a">Westchester County (N.Y.)</subfield><subfield code="v">Newspapers.</subfield></datafield><datafield ind1=" " ind2="7" tag="655"><subfield code="a">Newspapers.</subfield><subfield code="2">fast</subfield><subfield code="0">(OCoLC)fst01423814</subfield></datafield><datafield ind1=" " ind2="7" tag="651"><subfield code="a">New York (State)</subfield><subfield code="z">Pelham.</subfield><subfield code="2">fast</subfield><subfield code="0">(OCoLC)fst01250458</subfield></datafield><datafield ind1=" " ind2="7" tag="651"><subfield code="a">New York (State)</subfield><subfield code="z">Pelham (Town)</subfield><subfield code="2">fast</subfield><subfield code="0">(OCoLC)fst01334035</subfield></datafield><datafield ind1=" " ind2="7" tag="651"><subfield code="a">New York (State)</subfield><subfield code="z">Westchester County.</subfield><subfield code="2">fast</subfield><subfield code="0">(OCoLC)fst01202684</subfield></datafield><datafield ind1=" " ind2=" " tag="752"><subfield code="a">United States</subfield><subfield code="b">New York</subfield><subfield code="c">Westchester</subfield><subfield code="d">Pelham.</subfield></datafield></record>